@manual{lab5-manual,
    author = {Hui Hu},
    title = {Determination of the Aerodynamic Performance of a Low‚ÄêSpeed Airfoil based on Pressure Distribution Measurements},
    year = {2024},
    organization = {Iowa State University},
    url = {https://www.aere.iastate.edu/~huhui/teaching/2024-01S/AerE344/lab-instruction/AerE344L-Lab-05-instruction.pdf},
}